<?xml version="1.0" encoding="UTF-8"?>
<zs:searchRetrieveResponse xmlns:zs="http://www.loc.gov/zing/srw/">
  <zs:version>1.1</zs:version>
  <zs:numberOfRecords>5</zs:numberOfRecords>
  <zs:records>
    <zs:record>
      <zs:recordSchema/>
      <zs:recordPacking>xml</zs:recordPacking>
      <zs:recordData>
        <record xmlns="http://www.loc.gov/MARC21/slim">
          <leader>02538cam a22003498i 4500</leader>
          <controlfield tag="001">23479482</controlfield>
          <controlfield tag="005">20240112143518.0</controlfield>
          <controlfield tag="008">231226s2024    nyu      b    000 0 eng  </controlfield>
          <datafield tag="906" ind1=" " ind2=" ">
            <subfield code="a">7</subfield>
            <subfield code="b">cbc</subfield>
            <subfield code="c">orignew</subfield>
            <subfield code="d">1</subfield>
            <subfield code="e">ecip</subfield>
            <subfield code="f">20</subfield>
            <subfield code="g">y-gencatlg</subfield>
          </datafield>
          <datafield tag="925" ind1="0" ind2=" ">
            <subfield code="a">acquire</subfield>
            <subfield code="b">1 shelf copy</subfield>
            <subfield code="x">policy default</subfield>
          </datafield>
          <datafield tag="955" ind1=" " ind2=" ">
            <subfield code="b">tj11 2023-12-26</subfield>
            <subfield code="i">ti97 2024-01-11</subfield>
            <subfield code="e">rl16 2024-01-12</subfield>
            <subfield code="w">xm08 2024-01-12 Telework</subfield>
          </datafield>
          <datafield tag="010" ind1=" " ind2=" ">
            <subfield code="a">  2023056119</subfield>
          </datafield>
          <datafield tag="020" ind1=" " ind2=" ">
            <subfield code="a">9781250319753</subfield>
            <subfield code="q">(hardcover)</subfield>
          </datafield>
          <datafield tag="020" ind1=" " ind2=" ">
            <subfield code="z">9781250319760</subfield>
            <subfield code="q">(ebook)</subfield>
          </datafield>
          <datafield tag="040" ind1=" " ind2=" ">
            <subfield code="a">DLC</subfield>
            <subfield code="b">eng</subfield>
            <subfield code="e">rda</subfield>
            <subfield code="c">DLC</subfield>
            <subfield code="d">DLC</subfield>
          </datafield>
          <datafield tag="042" ind1=" " ind2=" ">
            <subfield code="a">pcc</subfield>
          </datafield>
          <datafield tag="050" ind1="0" ind2="0">
            <subfield code="a">RA785</subfield>
            <subfield code="b">.G36 2024</subfield>
          </datafield>
          <datafield tag="082" ind1="0" ind2="0">
            <subfield code="a">155.9/042</subfield>
            <subfield code="2">23/eng/20240112</subfield>
          </datafield>
          <datafield tag="100" ind1="1" ind2=" ">
            <subfield code="a">Gawdat, Mo,</subfield>
            <subfield code="e">author.</subfield>
          </datafield>
          <datafield tag="245" ind1="1" ind2="0">
            <subfield code="a">Unstressable :</subfield>
            <subfield code="b">a practical guide to stress-free living /</subfield>
            <subfield code="c">Mo Gawdat and Alice Law.</subfield>
          </datafield>
          <datafield tag="250" ind1=" " ind2=" ">
            <subfield code="a">First edition.</subfield>
          </datafield>
          <datafield tag="263" ind1=" " ind2=" ">
            <subfield code="a">2404</subfield>
          </datafield>
          <datafield tag="264" ind1=" " ind2="1">
            <subfield code="a">New York :</subfield>
            <subfield code="b">St. Martin's Essentials,</subfield>
            <subfield code="c">2024.</subfield>
          </datafield>
          <datafield tag="300" ind1=" " ind2=" ">
            <subfield code="a">pages cm</subfield>
          </datafield>
          <datafield tag="336" ind1=" " ind2=" ">
            <subfield code="a">text</subfield>
            <subfield code="b">txt</subfield>
            <subfield code="2">rdacontent</subfield>
          </datafield>
          <datafield tag="337" ind1=" " ind2=" ">
            <subfield code="a">unmediated</subfield>
            <subfield code="b">n</subfield>
            <subfield code="2">rdamedia</subfield>
          </datafield>
          <datafield tag="338" ind1=" " ind2=" ">
            <subfield code="a">volume</subfield>
            <subfield code="b">nc</subfield>
            <subfield code="2">rdacarrier</subfield>
          </datafield>
          <datafield tag="520" ind1=" " ind2=" ">
            <subfield code="a">"Unstressable is a handbook for those who realize stress isn't what happens to you; it's how you handle what happens to you. It's a left brainer's solution to a modern right-brain problem. Mo Gawdat is an engineer. What most of us see as inchoate, insurmountable problems he sees as systems overloads to tackle and solve. Unstressable breaks stress into inputs and effects, classifying human stressors as: stress to the mind, stress to emotions, stress to the body, and stress to the soul. Once classified, Gawdat and co-author Alice Law show readers how stress can be predicted-with mathematical certainty-and once predicted, prevented. Unstressable shows readers how most of us deal with the unpleasant, anxiety-producing and even miserable or tragic events in our lives: stress is always a by-product, leading directly to inability to cope, health problems and cratered confidence. Gawdat guides readers to no-woo-woo, all-science-based solutions. He'll train readers to: -Develop habits and attitudes of listening and learning that limit stress -Learn the language of de-stressing mind, emotions, body and soul -Respond, not react -Release self-criticism, insomnia, and lethargy -Increase energy, focus and confidence"--</subfield>
            <subfield code="c">Provided by publisher.</subfield>
          </datafield>
          <datafield tag="504" ind1=" " ind2=" ">
            <subfield code="a">Includes bibliographical references.</subfield>
          </datafield>
          <datafield tag="505" ind1="0" ind2=" ">
            <subfield code="a">Welcome to the machine -- Trigger (un)happy -- Carrying that TONN -- It's in your head -- Feel to heal -- Your hips don't lie -- Soul-renity -- The unstressable.</subfield>
          </datafield>
          <datafield tag="650" ind1=" " ind2="0">
            <subfield code="a">Stress management.</subfield>
          </datafield>
          <datafield tag="700" ind1="1" ind2=" ">
            <subfield code="a">Law, Alice,</subfield>
            <subfield code="e">author.</subfield>
          </datafield>
        </record>
      </zs:recordData>
      <zs:recordPosition>1</zs:recordPosition>
    </zs:record>